@article{Yick2008,
  author        = {Jennifer Yick and Biswanath Mukherjee and Dipak Ghosal},
  title         = {Wireless sensor network survey},
  journal       = {Computer Networks},
  volume        = {52},
  number        = {12},
  pages         = {2292--2330},
  year          = {2008},
  month         = {August},
  publisher     = {Elsevier},
  doi           = {10.1016/j.comnet.2008.04.002}
}
@book{Chai2020,
  author        = {Senchun Chai and Zhaoyang Wang and Baihai Zhang and Lingguo Cui and Runqi Chai},
  title         = {Wireless Sensor Networks},
  series        = {Wireless Networks},
  publisher     = {Springer Singapore},
  year          = {2020},
  edition       = {1},
  isbn          = {978-981-15-5756-9},
  doi           = {10.1007/978-981-15-5757-6}
}
@article{Ullo2020,
  author        = {Ullo, Silvia Liberata and Sinha, G. R.},
  title         = {Advances in Smart Environment Monitoring Systems Using IoT and Sensors},
  journal       = {Sensors},
  volume        = {20},
  year          = {2020},
  number        = {11},
  articale-number = {3113},
  pubmedid      = {32486411},
  issn          = {1424-8220},
  doi           = {10.3390/s20113113}
}
@article{Prasad2023,
  author        = {Rahul Prasad and Rajendra Kumar Baghel},
  title         = {Self-detection based fault diagnosis for wireless sensor networks},
  journal       = {Ad Hoc Networks},
  volume        = {149},
  pages         = {103245},
  year          = {2023},
  issn          = {1570-8705},
  doi           = {10.1016/j.adhoc.2023.103245}
}
@article{Shi2024,
  author        = {Ke-Xin Shi and Shi-Ming Li and Guo-Wen Sun and Zhi-Chao Feng and Wei He},
  title         = {A fault diagnosis method for wireless sensor network nodes based on a belief rule base with adaptive attribute weights},
  journal       = {Scientific Reports},
  volume        = {14},
  number        = {1},
  pages         = {4038},
  year          = {2024},
  doi           = {10.1038/s41598-024-54589-6}
}
@article{Saeed2021,
  author        = {Umer Saeed and Sana Ullah Jan and Young-Doo Lee and Insoo Koo},
  title         = {Fault diagnosis based on extremely randomized trees in wireless sensor networks},
  journal       = {Reliability Engineering \& System Safety},
  volume        = {205},
  pages         = {107284},
  year          = {2021},
  issn          = {0951-8320},
  doi           = {10.1016/j.ress.2020.107284}
}
@inbook{Takele2024,
  author        = {Takale, Dattatray and Mahalle, Parikshit and Sule, Bipin},
  title         = {Centralized and Distributed Approach: A Comparative Analysis of Fault Diagnosis Approaches in Wireless Sensor Networks},
  publisher     = {IGI Global},
  year          = {2024},
  month         = {07},
  pages         = {247--268},
  chapter       = {12},
  isbn          = {9798369339404},
  doi           = {10.4018/979-8-3693-3940-4.ch012}
}
@article{Hussain2021,
  author        = {Hussain, Nazish and Kumar, Saravana and Cn, Divyashree},
  title         = {MEMS Sensors in IoT Applications},
  journal       = {Journal of Control \& Instrumentation},
  year          = {2021},
  month         = {04},
  pages         = {18--22},
  volume        = {12}
}
@article{Ni2009,
  author        = {Ni, Kevin and Ramanathan, Nithya and Chehade, Mohamed Nabil Hajj and Balzano, Laura and Nair, Sheela and Zahedi, Sadaf and Kohler, Eddie and Pottie, Greg and Hansen, Mark and Srivastava, Mani},
  title         = {Sensor network data fault types},
  journal       = {ACM Trans. Sen. Netw.},
  year          = {2009},
  issue_date    = {May 2009},
  publisher     = {Association for Computing Machinery},
  volume        = {5},
  number        = {3},
  issn          = {1550-4859},
  doi           = {10.1145/1525856.1525863},
  month         = jun,
  articleno     = {25},
  numpages      = {29}
}
@article{Ahmad2024,
  author        = {Ahmad, Rami and Alkhammash, Eman H.},
  title         = {Online Adaptive Kalman Filtering for Real-Time Anomaly Detection in Wireless Sensor Networks},
  journal       = {Sensors},
  volume        = {24},
  year          = {2024},
  number        = {15},
  article-number = {5046},
  pubmedid      = {39124095},
  issn          = {1424-8220},
  doi           = {10.3390/s24155046}
}
@article{Muhammed2017,
  title         = {An analysis of fault detection strategies in wireless sensor networks},
  author        = {Thaha Muhammed and Riaz Ahmed Shaikh},
  journal       = {Journal of Network and Computer Applications},
  volume        = {78},
  pages         = {267--287},
  year          = {2017},
  issn          = {1084-8045},
  doi           = {https://doi.org/10.1016/j.jnca.2016.10.019}
}
@article{Zhang2018,
  title         = {A Survey on Fault Diagnosis in Wireless Sensor Networks},
  author        = {Zhang, Zeyu and Mehmood, Amjad and Shu, Lei and Huo, Zhiqiang and Zhang, Yu and Mukherjee, Mithun},
  journal       = {IEEE Access},
  year          = {2018},
  volume        = {6},
  pages         = {11349--11364},
  doi           = {10.1109/ACCESS.2018.2794519}
}
@inproceedings{Panda2014,
  title         = {Efficient fault node detection algorithm for wireless sensor networks},
  author        = {Panda, Rama Ranjan and Gouda, Bhabani Sankar and Panigrahi, Trilochan},
  booktitle     = {2014 International Conference on High Performance Computing and Applications (ICHPCA)},
  year          = {2014},
  volume        = {},
  number        = {},
  pages         = {1--5},
  keywords      = {Wireless sensor networks;Additives;Wireless sensor networks;fault detection;soft fault;robust detection},
  doi           = {10.1109/ICHPCA.2014.7045308}
}
@article{Adday2022,
  title         = {Fault Tolerance Structures in Wireless Sensor Networks (WSNs): Survey, Classification, and Future Directions},
  author        = {Adday, Ghaihab Hassan and Subramaniam, Shamala K. and Zukarnain, Zuriati Ahmad and Samian, Normalia},
  journal       = {Sensors},
  volume        = {22},
  year          = {2022},
  number        = {16},
  article-number = {6041},
  pubmedid      = {36015801},
  issn          = {1424-8220},
  doi           = {10.3390/s22166041}
}
@article{Hasan2024,
  title         = {Sensor Fault Detection and Classification Using Multi-Step-Ahead Prediction with an Long Short-Term Memoery (LSTM) Autoencoder},
  author        = {Hasan, Md. Nazmul and Jan, Sana Ullah and Koo, Insoo},
  journal       = {Applied Sciences},
  volume        = {14},
  year          = {2024},
  number        = {17},
  article-number = {7717},
  issn          = {2076-3417},
  doi           = {10.3390/app14177717}
}
@misc{Intel2004,
  title         = {Intel Lab Data},
  author        = {Madden, Samuel},
  year          = {2004},
  institution   = {MIT Computer Science and Artificial Intelligence Laboratory},
  howpublished  = {\url{https://db.csail.mit.edu/labdata/labdata.html}},
  note          = {Accessed: 2025-05-09}
}
@misc{GMAO2015,
  author        = {Global Modeling and Assimilation Office (GMAO)},
  title         = {MERRA-2 inst1\_2d\_asm\_Nx: 2d,1-Hourly,Instantaneous,Single-Level,Assimilation,Single-Level Diagnostics V5.12.4},
  howpublished  = {Goddard Earth Sciences Data and Information Services Center (GES DISC), Greenbelt, MD, USA},
  year          = {2015},
  note          = {Accessed: 2025-05-24},
  doi           = {10.5067/3Z173KIE2TPD},
  url           = {https://doi.org/10.5067/3Z173KIE2TPD}
}
@article{Khan2024,
  author        = {Khan, Rehan and Saeed, Umer and Koo, Insoo},
  title         = {FedLSTM: A Federated Learning Framework for Sensor Fault Detection in Wireless Sensor Networks},
  journal       = {Electronics},
  volume        = {13},
  year          = {2024},
  number        = {24},
  article-number = {4907},
  issn          = {2079-9292},
  doi           = {10.3390/electronics13244907}
}
@article{Baljak2013,
  author        = {Baljak, Valentina and Kenji, Tei and Honiden, Shinichi},
  year          = {2013},
  month         = {01},
  pages         = {177--187},
  title         = {Faults in Sensory Readings: Classification and Model Learning},
  volume        = {18},
  journal       = {Sensors and Transducers}
}
@article{Sun2023,
  author        = {Sun, Guo-Wen and Xiang, Gang and He, Wei and Tang, Kai and Wang, Zi-Yi and Zhu, Hai-Long},
  year          = {2023},
  month         = {01},
  pages         = {1157--1177},
  title         = {A WSN Node Fault Diagnosis Model Based on BRB with Self-Adaptive Quality Factor},
  volume        = {75},
  journal       = {Computers, Materials \& Continua},
  doi           = {10.32604/cmc.2023.035667}
}
@article{Gungor2009,
  author        = {Gungor, Vehbi and Hancke, Gerhard},
  year          = {2009},
  month         = {11},
  pages         = {4258--4265},
  title         = {Industrial Wireless Sensor Networks: Challenges, Design Principles, and Technical Approaches},
  volume        = {56},
  journal       = {Industrial Electronics, IEEE Transactions on},
  doi           = {10.1109/TIE.2009.2015754}
}
@inproceedings{Tolle2005,
  author={Tolle, G. and Culler, D.},
  booktitle={Proceeedings of the Second European Workshop on Wireless Sensor Networks, 2005.}, 
  title={Design of an application-cooperative management system for wireless sensor networks}, 
  year={2005},
  volume={},
  number={},
  pages={121-132},
  doi={10.1109/EWSN.2005.1462004}
}
@inproceedings{Ramanathan2004,
  author={Ramanathan, N. and Kohler, E. and Girod, L. and Estrin, D.},
  booktitle={29th Annual IEEE International Conference on Local Computer Networks}, 
  title={Sympathy: a debugging system for sensor networks [wireless networks]}, 
  year={2004},
  volume={},
  number={},
  pages={554-555},
  doi={10.1109/LCN.2004.121}
}
@inproceedings{Staddon2002,
author = {Staddon, Jessica and Balfanz, Dirk and Durfee, Glenn},
title = {Efficient tracing of failed nodes in sensor networks},
year = {2002},
isbn = {1581135890},
publisher = {Association for Computing Machinery},
address = {New York, NY, USA},
doi = {10.1145/570738.570756},
booktitle = {Proceedings of the 1st ACM International Workshop on Wireless Sensor Networks and Applications},
pages = {122–130},
numpages = {9},
location = {Atlanta, Georgia, USA},
series = {WSNA '02}
}
@inproceedings{Chen2006,
author = {Chen, Jinran and Kher, Shubha and Somani, Arun},
title = {Distributed fault detection of wireless sensor networks},
year = {2006},
isbn = {1595934715},
publisher = {Association for Computing Machinery},
address = {New York, NY, USA},
url = {https://doi.org/10.1145/1160972.1160985},
doi = {10.1145/1160972.1160985},
booktitle = {Proceedings of the 2006 Workshop on Dependability Issues in Wireless Ad Hoc Networks and Sensor Networks},
pages = {65–72},
numpages = {8},
series = {DIWANS '06}
}
@article{Munir2015,
author = {Munir, Arslan and Antoon, Joseph and Gordon-Ross, Ann},
title = {Modeling and Analysis of Fault Detection and Fault Tolerance in Wireless Sensor Networks},
year = {2015},
issue_date = {January 2015},
publisher = {Association for Computing Machinery},
address = {New York, NY, USA},
volume = {14},
number = {1},
issn = {1539-9087},
doi = {10.1145/2680538},
journal = {ACM Trans. Embed. Comput. Syst.},
month = jan,
articleno = {3},
numpages = {43},
}
